<?xml version="1.0" encoding="UTF-8"?><record xmlns="http://www.loc.gov/MARC21/slim" xmlns:cinclude="http://apache.org/cocoon/include/1.0" xmlns:zs="http://www.loc.gov/zing/srw/">
  <leader>00615cz  a2200157n  4500</leader>
  <controlfield tag="001">no2015065882</controlfield>
  <controlfield tag="003">DLC</controlfield>
  <controlfield tag="005">20150612074226.0</controlfield>
  <controlfield tag="008">150518n| azannaabn          |a aaa     c</controlfield>
  <datafield tag="010" ind1=" " ind2=" ">
    <subfield code="a">no2015065882</subfield>
  </datafield>
  <datafield tag="035" ind1=" " ind2=" ">
    <subfield code="a">(OCoLC)oca10169016</subfield>
  </datafield>
  <datafield tag="040" ind1=" " ind2=" ">
    <subfield code="a">PPiU</subfield>
    <subfield code="b">eng</subfield>
    <subfield code="e">rda</subfield>
    <subfield code="c">PPiU</subfield>
    <subfield code="d">IEN</subfield>
  </datafield>
  <datafield tag="100" ind1="1" ind2=" ">
    <subfield code="a">Hernández, Rosario</subfield>
    <subfield code="q">(Maria Rosario)</subfield>
  </datafield>
  <datafield tag="400" ind1="1" ind2=" ">
    <subfield code="a">Hernández, Maria Rosario</subfield>
  </datafield>
  <datafield tag="670" ind1=" " ind2=" ">
    <subfield code="a">Higher education and second language learning, 2015:</subfield>
    <subfield code="b">t.p. (Rosario Hernández)</subfield>
  </datafield>
  <datafield tag="670" ind1=" " ind2=" ">
    <subfield code="a">University College Dublin "Researchers at UCD" WWW site, May 18, 2015</subfield>
    <subfield code="b">(Maria-Rosario Hernandez, Senior Lecturer, School of Languages and Literature)</subfield>
  </datafield>
</record>